@inproceedings{author_conf_year,
author = {A. Author and B. Author},
title = "Fake Paper",
booktitle = "Proc. of Conference",
year = {2345}
}

@article{Borgefors86,
 author = {Borgefors,, Gunilla},
 title = {Distance transformations in digital images},
 journal = {Comput. Vision Graph. Image Process.},
 volume = {34},
 number = {3},
 year = {1986},
 issn = {0734-189X},
 pages = {344--371},
 doi = {http://dx.doi.org/10.1016/S0734-189X(86)80047-0},
 publisher = {Academic Press Professional, Inc.},
 address = {San Diego, CA, USA},
 }

@MISC{Bouguet00,
  author =       {Jean-Yves Bouguet},
  title =        {Pyramidal Implementation of the {Lucas} {Kanade} Feature Tracker},
  year =         {2000},
  abstract =     {},
  keywords =     {
    Optical Flow,
    Lucas Kanade,
    Pyramidal Method},
}
